<collection xmlns="http://www.loc.gov/MARC21/slim"><record><leader>00712nam  2200217   450</leader><controlfield tag="001">333</controlfield><controlfield tag="003">http://montalegre.opacnet.com/OPAC/default.aspx?ContentAreaControl=ShowRegHoldings.ascx&amp;RegNo=16662</controlfield><datafield tag="095" ind1=" " ind2=" "><subfield code="a">PTBN00379777</subfield></datafield><datafield tag="100" ind1=" " ind2=" "><subfield code="a">19920715d1974    m  y0pory010305  ba</subfield></datafield><datafield tag="101" ind1="1" ind2=" "><subfield code="a">por</subfield><subfield code="c">fre</subfield></datafield><datafield tag="102" ind1=" " ind2=" "><subfield code="a">PT</subfield></datafield><datafield tag="200" ind1="1" ind2=" "><subfield code="a">&lt;A &gt;noite americana</subfield><subfield code="f">Christopher Frank</subfield><subfield code="g">trad. Orlando Neves, Cristina Rodriguez</subfield></datafield><datafield tag="210" ind1=" " ind2=" "><subfield code="a">Lisboa</subfield><subfield code="c">A. M. Pereira</subfield><subfield code="d">1974</subfield></datafield><datafield tag="215" ind1=" " ind2=" "><subfield code="a">403, [1] p.</subfield><subfield code="d">21 cm</subfield></datafield><datafield tag="225" ind1="2" ind2=" "><subfield code="a">Literatura universal</subfield><subfield code="v">6</subfield></datafield><datafield tag="304" ind1=" " ind2=" "><subfield code="a">Tít. orig.: La nuit américaine</subfield></datafield><datafield tag="675" ind1=" " ind2=" "><subfield code="a">821</subfield><subfield code="v">BN</subfield><subfield code="z">por</subfield></datafield><datafield tag="700" ind1=" " ind2="1"><subfield code="a">Frank</subfield><subfield code="b">Christopher</subfield></datafield><datafield tag="702" ind1=" " ind2="1"><subfield code="a">Neves</subfield><subfield code="b">Orlando</subfield><subfield code="f">1935</subfield><subfield code="4">730</subfield></datafield><datafield tag="702" ind1=" " ind2="1"><subfield code="a">Rodrigues</subfield><subfield code="b">Cristina</subfield><subfield code="4">730</subfield></datafield><datafield tag="801" ind1=" " ind2="0"><subfield code="a">PT</subfield><subfield code="b">Biblioteca Municipal de Montalegre</subfield><subfield code="g">RPC</subfield></datafield><datafield tag="909" ind1="&#9;" ind2=" "><subfield code="a">1</subfield></datafield><datafield tag="966" ind1=" " ind2=" "><subfield code="a">0008128</subfield><subfield code="l">BMM</subfield><subfield code="s">SCG 821 FRA noi</subfield></datafield></record></collection>